<record><leader>00000cas a22000007a 4500</leader><controlfield tag="001">9563817</controlfield><controlfield tag="008">830601d18991939ksudr ne      0    0eng d</controlfield><datafield ind1=" " ind2=" " tag="010"><subfield code="a">sn 83040291 </subfield></datafield><datafield ind1=" " ind2=" " tag="040"><subfield code="a">KSH</subfield><subfield code="b">eng</subfield><subfield code="c">KSH</subfield><subfield code="d">NPT</subfield><subfield code="d">DLC</subfield><subfield code="d">NPT</subfield><subfield code="d">OCLCG</subfield><subfield code="d">OCLCA</subfield></datafield><datafield ind1="1" ind2=" " tag="029"><subfield code="a">AU@</subfield><subfield code="b">000025793766</subfield></datafield><datafield ind1=" " ind2=" " tag="042"><subfield code="a">msc</subfield></datafield><datafield ind1=" " ind2=" " tag="043"><subfield code="a">n-us-ks</subfield></datafield><datafield ind1="0" ind2=" " tag="130"><subfield code="a">Iola daily register (Iola, Kan. : 1899)</subfield></datafield><datafield ind1="0" ind2="4" tag="245"><subfield code="a">The Iola daily register.</subfield></datafield><datafield ind1=" " ind2=" " tag="260"><subfield code="a">Iola, Kan. :</subfield><subfield code="b">Chas. F. Scott,</subfield><subfield code="c">1899-1939.</subfield></datafield><datafield ind1=" " ind2=" " tag="300"><subfield code="a">120 v. :</subfield><subfield code="b">ill. ;</subfield><subfield code="c">54-58 cm.</subfield></datafield><datafield ind1=" " ind2=" " tag="310"><subfield code="a">Daily</subfield></datafield><datafield ind1="0" ind2=" " tag="362"><subfield code="a">Vol. 2, no. 100 (Feb. 20, 1899)-v. 42, no. 160 (May 1, 1939).</subfield></datafield><datafield ind1="1" ind2=" " tag="700"><subfield code="a">Scott, Charles F.,</subfield><subfield code="d">1860-1938.</subfield></datafield><datafield ind1=" " ind2=" " tag="752"><subfield code="a">United States</subfield><subfield code="b">Kansas</subfield><subfield code="c">Allen</subfield><subfield code="d">Iola.</subfield></datafield><datafield ind1="0" ind2="0" tag="780"><subfield code="t">Iola daily register and evening news</subfield><subfield code="w">(DLC)sn 83040293</subfield></datafield><datafield ind1="0" ind2="5" tag="780"><subfield code="t">Iola daily record</subfield><subfield code="g">1909</subfield><subfield code="w">(DLC)sn 83040317</subfield></datafield><datafield ind1="0" ind2="0" tag="785"><subfield code="t">Iola register (Iola, Kan. : 1939)</subfield><subfield code="w">(DLC)sn 83040290</subfield></datafield></record>